@book{zaklady1,
title = {Základy aplikované matematiky I},
journal = {SNTL - Nakladatelství technické literatury},
year = {1989},
place={Praha},
author = {Škrášek, Josef and Tichý, Zdeněk}
}

@book{zaklady2,
title = {Základy aplikované matematiky II},
journal = {SNTL - Nakladatelství technické literatury},
year = {1986},
place={Praha},
author = {Škrášek, Josef and Tichý, Zdeněk}
}

@book{hasil,
title = {Přednášky z matematické analýzy na FI},
year = {2021},
place={Brno},
author = {Šimon Hilscher, Roman},
url={https://www.math.muni.cz/~hasil/Data/CZ/Teach/MU/MB152/prednasky_MB152.pdf}
}

@online{isibalo,
title = {MAT - Diferenciální rovnice},
year = {2018},
url = {https://www.youtube.com/playlist?list=PLD-MTmOzXT5N2ExaFxGNIAEDg9CHHA6J2},
organization = {Youtube}
}
